  @article{Rubio2019,
    author  = {Rubio, F. and Valero, F. and Llopis-Albert, C.},
    title   = {A review of mobile robots: Concepts, methods, theoretical framework, and applications},
    journal = {International Journal of Advanced Robotic Systems},
    volume  = {16},
    number  = {2},
    year    = {2019},
    doi     = {10.1177/1729881419839596}
  }

  @misc{cern_tim,
  month        = {Svibanj},
  year         = {2024},
  howpublished = {\url{https://www.researchgate.net/figure/Train-Inspection-Monorail-TIM-in-the-Large-Hadron-Collider-LHC-tunnel_fig1_366834059}}
  }

  @book{Siegwart2004,
    title={Introduction to Autonomous Mobile Robots},
    author={Siegwart, Roland and Nourbakhsh, Illah Reza},
    publisher={The MIT Press},
    address={Cambridge, Massachusetts; London, England},
    year={2004},
    isbn={0-262-19502-X}
  }